
@book{nielsen_quantum_2010,
	location = {Cambridge ; New York},
	edition = {10th anniversary ed},
	title = {Quantum computation and quantum information},
	isbn = {978-1-107-00217-3},
	pagetotal = {676},
	publisher = {Cambridge University Press},
	author = {Nielsen, Michael A. and Chuang, Isaac L.},
	date = {2010},
	keywords = {Quantum computers},
	file = {Nielsen and Chuang - 2010 - Quantum computation and quantum information.pdf:/Users/wentaoli/Zotero/storage/GWIQXUUB/Nielsen and Chuang - 2010 - Quantum computation and quantum information.pdf:application/pdf},
}
